@article{Angluin87,
  author    = {Dana Angluin},
  title     = {Learning Regular Sets from Queries and Counterexamples},
  journal   = {Infornation and Computation},
  volume    = {75},
  number    = {2},
  year      = {1987},
  pages     = {87-106}
}

